<?xml version="1.0" encoding="UTF-8"?><collection xmlns="http://www.loc.gov/MARC21/slim"><record><leader>00406nam--2200169-u-4500</leader><controlfield tag="001">000052467</controlfield><controlfield tag="002">20161230</controlfield><controlfield tag="005">20161230201050</controlfield><controlfield tag="008">100716s1000------------r-----000-0-rus-d</controlfield><datafield ind1=" " ind2=" " tag="040"><subfield code="a">IFIN-HH</subfield></datafield><datafield ind1=" " ind2=" " tag="041"><subfield code="a">rus</subfield></datafield><datafield ind1="1" ind2=" " tag="100" /><datafield ind1="1" ind2="0" tag="245"><subfield code="a">Gidrodinamika i teploobmen</subfield><subfield code="b">Vipusk 1</subfield></datafield><datafield ind1=" " ind2=" " tag="260"><subfield code="a">Sverdlovsk</subfield><subfield code="b">Uralskii naucinii tentr</subfield><subfield code="c">1972</subfield></datafield><datafield ind1=" " ind2=" " tag="300"><subfield code="a">101 p</subfield></datafield><datafield ind1=" " ind2=" " tag="852"><subfield code="a">40892</subfield><subfield code="c">532</subfield></datafield><datafield ind1=" " ind2=" " tag="CAT"><subfield code="a">Sys</subfield><subfield code="c">20100716</subfield><subfield code="h">101133</subfield></datafield></record></collection>